/home/arnold/bib_pdf/main_bibliography.bib