@article{ando2012high,
	title={High-speed atomic force microscopy coming of age},
	author={Ando, Toshio},
	journal={Nanotechnology},
	volume={23},
	number={6},
	pages={062001},
	year={2012},
	publisher={IOP Publishing}
}

@article{teo2018comparison,
  title={A comparison of scanning methods and the vertical control implications for scanning probe microscopy},
  author={Teo, Yik R and Yong, Yuen and Fleming, Andrew J},
  journal={Asian Journal of Control},
  volume={20},
  number={4},
  pages={1352--1366},
  year={2018},
  publisher={Wiley Online Library}
}

@inproceedings{luo2017sampling,
  title={Sampling pattern design algorithm for atomic force microscopy images},
  author={Luo, Yufan and Andersson, Sean B},
  booktitle={Proc.~IEEE International Conference on Image Processing},
  pages={2109--2113},
  year={2017}
}


@article{goldstein2009split,
	title={The split {Bregman} method for L1-regularized problems},
	author={Goldstein, Tom and Osher, Stanley},
	journal={SIAM Journal on Imaging Sciences},
	volume={2},
	number={2},
	pages={323--343},
	year={2009},
	publisher={SIAM}
}

@article{candes2007sparsity,
	title={Sparsity and incoherence in compressive sampling},
	author={Cand{\`e}s, Emmanuel and Romberg, Justin},
	journal={Inverse problems},
	volume={23},
	number={3},
	pages={969},
	year={2007},
	publisher={IOP Publishing}
}

@article{viani1999fast,
	title={Fast imaging and fast force spectroscopy of single biopolymers with a new atomic force microscope designed for small cantilevers},
	author={Viani, MB and Sch{\"a}ffer, TE and Paloczi, GT and Pietrasanta, LI and Smith, BL and Thompson, JB and Richter, M and Rief, M and Gaub, HE and Plaxco, KW and others},
	journal={Review of Scientific Instruments},
	volume={70},
	number={11},
	pages={4300--4303},
	year={1999},
	publisher={AIP}
}

@article{braunsmann2010high,
	title={High-speed atomic force microscopy for large scan sizes using small cantilevers},
	author={Braunsmann, Christoph and Sch{\"a}ffer, Tilman E},
	journal={Nanotechnology},
	volume={21},
	number={22},
	pages={225705},
	year={2010},
	publisher={IOP Publishing}
}

@article{leang2009high,
	title={High-speed serial-kinematic SPM scanner: design and drive considerations},
	author={Leang, Kam K and Fleming, Andrew J},
	journal={Asian journal of control},
	volume={11},
	number={2},
	pages={144--153},
	year={2009},
	publisher={Wiley Online Library}
}

@inproceedings{butterworth2010adaptive,
	title={Adaptive-delay combined feedforward/feedback control for raster tracking with applications to {AFM}s},
	author={Butterworth, Jeffrey A and Pao, Lucy Y and Abramovitch, Daniel Y},
	booktitle={Proc.~American Control Conference},
	pages={5738--5744},
	year={2010}
}

@article{salapaka2002high,
	title={High bandwidth nano-positioner: A robust control approach},
	author={Salapaka, SACJP and Sebastian, Abu and Cleveland, Jason P and Salapaka, Murti V},
	journal={Review of Scientific Instruments},
	volume={73},
	number={9},
	pages={3232--3241},
	year={2002},
	publisher={AIP}
}

@article{mahmood2009fast,
	title={Fast spiral-scan atomic force microscopy},
	author={Mahmood, IA and Moheimani, SO Reza},
	journal={Nanotechnology},
	volume={20},
	number={36},
	pages={365503},
	year={2009},
	publisher={IOP Publishing}
}

@article{bazaei2012high,
	title={High-speed {L}issajous-scan atomic force microscopy: Scan pattern planning and control design issues},
	author={Bazaei, A and Yong, Yuen K and Moheimani, SO Reza},
	journal={Review of Scientific Instruments},
	volume={83},
	number={6},
	pages={063701},
	year={2012},
	publisher={AIP}
}


@article{chang2011local,
	title={Local raster scanning for high-speed imaging of biopolymers in atomic force microscopy},
	author={Chang, Peter I and Huang, Peng and Maeng, Jungyeoul and Andersson, Sean B},
	journal={Review of scientific instruments},
	volume={82},
	number={6},
	pages={063703},
	year={2011},
	publisher={AIP}
}

@inproceedings{hartman2017feature,
	title={Feature tracking for high speed AFM: Experimental demonstration},
	author={Hartman, Brett and Andersson, Sean B},
	booktitle={American Control Conference (ACC), 2017},
	pages={773--778},
	year={2017},
	organization={IEEE}
}


@inproceedings{song2011video,
	title={Video rate atomic force microscopy ({AFM}) imaging using compressive sensing},
	author={Song, Bo and Xi, Ning and Yang, Ruiguo and Lai, King Wai Chiu and Qu, Chengeng},
	booktitle={Proc.~IEEE Conference on Nanotechnology},
	pages={1056--1059},
	year={2011}
}


@inproceedings{andersson2012non,
	title={Non-raster sampling in atomic force microscopy: A compressed sensing approach},
	author={Andersson, Sean B and Pao, Lucy Y},
	booktitle={Proc.~American Control Conference},
	pages={2485--2490},
	year={2012}
}



@article{luo2015comparison,
	title={A comparison of reconstruction methods for undersampled atomic force microscopy images},
	author={Luo, Yufan and Andersson, Sean B},
	journal={Nanotechnology},
	volume={26},
	number={50},
	pages={505703},
	year={2015},
	publisher={IOP Publishing}
}

@incollection{chen2013enhancement,
	title={Enhancement and recovery in atomic force microscopy images},
	author={Chen, Alex and Bertozzi, Andrea L and Ashby, Paul D and Getreuer, Pascal and Lou, Yifei},
	booktitle={Excursions in Harmonic Analysis, Volume 2},
	pages={311--332},
	year={2013},
	publisher={Springer}
}


@article{yong2010high,
	title={High-speed cycloid-scan atomic force microscopy},
	author={Yong, YK and Moheimani, SOR and Petersen, IR},
	journal={Nanotechnology},
	volume={21},
	number={36},
	pages={365503},
	year={2010},
	publisher={IOP Publishing}
}


@inproceedings{maxwell2014compressed,
	title={A compressed sensing measurement matrix for atomic force microscopy},
	author={Maxwell, Brian D and Andersson, Sean B},
	booktitle={Proc.~American Control Conference},
	pages={1631--1636},
	year={2014}
}



@incollection{carmi2014compressive,
	title={Compressive System Identification},
	author={Carmi, Avishy Y},
	booktitle={Compressed Sensing \& Sparse Filtering},
	pages={281--324},
	year={2014},
	publisher={Springer}
}


@inproceedings{luo2015fast,
	title={A fast image reconstruction algorithm for compressed sensing-based atomic force microscopy},
	author={Luo, Yufan and Andersson, Sean B},
	booktitle={Proc.~American Control Conference},
	pages={3503--3508},
	year={2015}
}



@article{han2018reconstruction,
	title={Reconstruction of atomic force microscopy image using compressed sensing},
	author={Han, Guoqiang and Lin, Bo and Lin, Yuling},
	journal={Micron},
	volume={105},
	pages={1--10},
	year={2018},
	publisher={Elsevier}
}



@article{bertozzi2011unconditionally,
	title={Unconditionally stable schemes for higher order inpainting},
	author={Bertozzi, Andrea and Sch{\"o}nlieb, Carola-Bibiane},
	journal={Communications in Mathematical Sciences},
	volume={9},
	number={2},
	pages={413--457},
	year={2011},
	publisher={International Press of Boston}
}



@article{wang2004image,
	title={Image quality assessment: from error visibility to structural similarity},
	author={Wang, Zhou and Bovik, Alan C and Sheikh, Hamid R and Simoncelli, Eero P},
	journal={IEEE Transactions on Image Processing},
	volume={13},
	number={4},
	pages={600--612},
	year={2004},
	publisher={IEEE}
}


@article{brown1992survey,
	title={A survey of image registration techniques},
	author={Brown, Lisa Gottesfeld},
	journal={ACM computing surveys (CSUR)},
	volume={24},
	number={4},
	pages={325--376},
	year={1992},
	publisher={ACM}
}

